@online{
    ivoa,
    shorttitle = "IVOA",
    title      = "The International Virtual Observatory Alliance",
    url        = "http://www.ivoa.net/",
    keywords   = "ivoa"
    }

@online{
    vo,
    shorttitle = "VO",
    title      = "Virtual Observatory",
    url        = "http://www.ivoa.net/",
    keywords   = "ivoa"
    }

@online{
    eurovo,
    shorttitle = "EuroVO",
    title      = "European Virtual Observatory",
    url        = "http://www.euro-vo.org/",
    keywords   = "eurovo"
    }

@online{
    ivoa.reg,
    shorttitle = "Registry",
    title      = "IVOA Registry",
    url        = "http://www.ivoa.net/documents/RegistryInterface/",
    keywords   = "ivoa, registry"
    }

@online{
    ivoa.sia,
    shorttitle = "SIA",
    title      = "IVOA Simple Image Access",
    url        = "http://www.ivoa.net/documents/SIA/",
    keywords   = "ivoa, sia"
    }

@online{
    ivoa.moc,
    shorttitle = "MOC",
    title      = "HEALPix Multi-Order Coverage Map",
    url        = "http://www.ivoa.net/documents/MOC/",
    keywords   = "ivoa, moc, healpix"
    }

@online{
    ivoa.obscore,
    shorttitle = "ObsCore",
    title      = "Observation Data Model Core Components",
    url        = "http://www.ivoa.net/documents/ObsCore/",
    keywords   = "ivoa, obscore, datamodel"
    }

@article{
    jones-2006,
    title           = "The new bioinformatics: integrating ecological data from the gene to the biosphere",
    author          = "Matthew B. Jones and Mark P. Schildhauer and O.J. Reichman and Shawn Bowers",
    month           = dec,
    year            = 2006,
    journaltitle    = "Annual Review of Ecology, Evolution, and Systematics",
    volume          = 37,
    pages           = "519-544",
    doi             = "10.1146/annurev.ecolsys.37.091305.110031",
    url             = "http://www.annualreviews.org/doi/abs/10.1146/annurev.ecolsys.37.091305.110031",
    keywords        = "bioinformatics, ecology"
    }

@article{
    mitchard-2014,
    title           = "Markedly divergent estimates of Amazon forest carbon density from ground plots and satellites",
    author          = "Edward T. A. Mitchard and Ted R. Feldpausch and Roel J. W. Brienen and Gabriela Lopez-Gonzalez and Abel Monteagudo and Timothy R. Baker and Simon L. Lewis and Jon Lloyd and Carlos A. Quesada and Manuel Gloor and Hans ter Steege and Patrick Meir and Esteban Alvarez and Alejandro Araujo-Murakami and Luiz E. O. C. Aragão and Luzmila Arroyo and Gerardo Aymard and Olaf Banki and Damien Bonal and Sandra Brown and Foster I. Brown and Carlos E. Cerón and Victor Chama Moscoso and Jerome Chave and James A. Comiskey and Fernando Cornejo and Massiel Corrales Medina and Lola Da Costa and Flavia R. C. Costa and Anthony Di Fiore and Tomas F. Domingues and Terry L. Erwin and Todd Frederickson and Niro Higuchi and Euridice N. Honorio Coronado and Tim J. Killeen and William F. Laurance and Carolina Levis and William E. Magnusson and Beatriz S. Marimon and Ben Hur Marimon Junior and Irina Mendoza Polo and Piyush Mishra and Marcelo T. Nascimento and David Neill and Mario P. Núñez Vargas and Walter A. Palacios and Alexander Parada and Guido Pardo Molina and Marielos Peña-Claros and Nigel Pitman and Carlos A. Peres and Lourens Poorter and Adriana Prieto and Hirma Ramirez-Angulo and Zorayda Restrepo Correa and Anand Roopsind and Katherine H. Roucoux and Agustin Rudas and Rafael P. Salomão and Juliana Schietti and Marcos Silveira and Priscila F. de Souza and Marc K. Steininger and Juliana Stropp and John Terborgh and Raquel Thomas and Marisol Toledo and Armando Torres-Lezama and Tinde R. van Andel and Geertje M. F. van der Heijden and Ima C. G. Vieira and Simone Vieira and Emilio Vilanova-Torre and Vincent A. Vos and Ophelia Wang and Charles E. Zartman and Yadvinder Malhi58 and and Oliver L. Phillips",
    month           = apr,
    year            = 2014,
    journaltitle    = "Global Ecology and Biogeography",
    volume          = 23,
    issue           = 8,
    pages           = "935-946",
    doi             = "10.1111/geb.12168",
    url             = "http://onlinelibrary.wiley.com/doi/10.1111/geb.12168/abstract",
    keywords        = "forest, carbon, amazon"
    }

@article{
    saatchi-2011,
    title           = "Benchmark map of forest carbon stocks in tropical regions across three continents",
    author          = "Sassan S. Saatchi and Nancy L. Harris and Sandra Brown and Michael Lefsky and Edward T. A. Mitchard and William Salas and Brian R. Zutta and Wolfgang Buermann and Simon L. Lewis and Stephen Hagen and Silvia Petrova and Lee White and Miles Silman and Alexandra Morelj",
    month           = may,
    year            = 2011,
    journaltitle    = "Proceedings of the National Academy of Sciences of the United States of America",
    volume          = 108,
    issue           = 24,
    pages           = "9899–9904",
    doi             = "10.1073/pnas.1019576108",
    url             = "http://www.pnas.org/content/108/24/9899",
    keywords        = "forest, carbon"
    }

@article{
    baccini-2012,
    title           = "Estimated carbon dioxide emissions from tropical deforestation improved by carbon-density maps",
    author          = "A. Baccini and S. J. Goetz and W. S. Walker and N. T. Laporte and M. Sun and D. Sulla-Menashe and J. Hackler and P. S. A. Beck and R. Dubayah and M. A. Friedl and S. Samanta and R. A. Houghton",
    month           = jan,
    year            = 2012,
    journaltitle    = "Nature Climate Change",
    volume          = 2,
    issue           = 3,
    pages           = "182–185",
    doi             = "10.1038/nclimate1354",
    url             = "http://www.nature.com/nclimate/journal/v2/n3/full/nclimate1354.html",
    keywords        = "carbon, carbon dioxide, deforestation, carbon-density"
    }

@article{
    malhi-2009,
    title           = "An international network to monitor the structure, composition and dynamics of Amazonian forests (RAINFOR)",
    author          = "Y. Malhi and O.L. Phillips and J. Lloyd and T. Baker and J. Wright and S. Almeida and L. Arroyo and T. Frederiksen and J. Grace and N. Higuchi and T. Killeen and W.F. Laurance and C. Leaño and S. Lewis and P. Meir and A. Monteagudo and D. Neill and P. Núñez Vargas and S.N. Panfil and S. Patiño and N. Pitman and C.A. Quesada and A. Rudas-Ll. and R. Salomão and S. Saleska and N. Silva and M. Silveira and W.G. Sombroek and R. Valencia and R. Vásquez Martínez and I.C.G. Vieira3 and and B. Vinceti and ",
    month           = feb,
    year            = 2009,
    journaltitle    = "Journal of Vegetation Science",
    volume          = 13,
    issue           = 3,
    pages           = "439-450",
    doi             = "10.1111/j.1654-1103.2002.tb02068.x",
    url             = "http://onlinelibrary.wiley.com/doi/10.1111/j.1654-1103.2002.tb02068.x/abstract",
    keywords        = "amazon, forest, carbon"
    }

@article{
    peacock-2007,
    title           = "The RAINFOR database: monitoring forest biomass and dynamics",
    author          = "J Peacock and T.R. Baker and Simon L. Lewis and Gabriela Lopez-Gonzalez and Oliver L. Phillips",
    month           = aug,
    year            = 2007,
    journaltitle    = "Journal of Vegetation Science",
    volume          = 18,
    issue           = 4,
    pages           = "535–542",
    doi             = "10.1111/j.1654-1103.2007.tb02568.x",
    url             = "http://onlinelibrary.wiley.com/doi/10.1111/j.1654-1103.2007.tb02568.x/abstract",
    keywords        = "empty"
    }

@article{
    gonzalez-2011,
    title           = "ForestPlots.net: a web application and research tool to manage and analyse tropical forest plot data",
    author          = "Gabriela Lopez-Gonzalez and Simon L. Lewis and Mark Burkitt and Oliver L. Phillips",
    month           = jul,
    year            = 2011,
    journaltitle    = "Journal of Vegetation Science",
    volume          = 22,
    issue           = 4,
    pages           = "610-613",
    doi             = "10.1111/j.1654-1103.2011.01312.x",
    url             = "http://onlinelibrary.wiley.com/doi/10.1111/j.1654-1103.2011.01312.x/abstract",
    keywords        = "forestplots, tropical, forest, plot, database"
    }

@online{
    rainfor,
    shorttitle = "RAINFOR",
    title      = "Red Amazónica de Inventarios Forestales",
    url        = "http://www.rainfor.org/",
    keywords   = "rainfor"
    }

@online{
    atdn,
    shorttitle = "ATDN",
    title      = "Amazon Tree Diversity Network",
    url        = "http://web.science.uu.nl/Amazon/ATDN/",
    keywords   = "amazon, atdn"
    }

@online{
    team,
    shorttitle = "TEAM",
    title      = "Tropical Ecology Assessment and Monitoring",
    url        = "http://www.teamnetwork.org/",
    keywords   = "team"
    }

@online{
    ppbio,
    shorttitle = "PPBio",
    title      = "Brazilian Program for Biodiversity Research",
    gvid       = "SA-BR-001",
    url        = "http://www.teamnetwork.org/",
    keywords   = "team"
    }

@online{
    nasa-jpl,
    shorttitle = "JPL",
    title      = "NASA Jet Propulsion Laboratory",
    url        = "http://www.jpl.nasa.gov/",
    keywords   = "nasa, jpl"
    }

@online{
    nasa-jpl-carbon,
    shorttitle = "JPL",
    title      = "NASA Jet Propulsion Laboratory",
    url        = "http://carbon.jpl.nasa.gov/",
    keywords   = "nasa, jpl, carbon"
    }

@online{
    nasa-jpl-carbon-ftp,
    title      = "NASA JPL carbon dataset",
    url        = "ftp://www-radar.jpl.nasa.gov/projects/carbon/datasets/",
    keywords   = "nasa, jpl, carbon, ftp"
    }

@online{
    whrc,
    shorttitle = "WHRC",
    title      = "Woods Hole Research Center",
    url        = "http://www.whrc.org/",
    keywords   = "whrc"
    }

@online{
    whrc-data,
    title      = "WHRC carbon dataset",
    url        = "http://www.whrc.org/mapping/pantropical/carbon_dataset.html",
    keywords   = "whrc, data"
    }

@online{
    pnas,
    shorttitle = "PNAS",
    title      = "Proceedings of the National Academy of Sciences of the United States of America",
    url        = "http://www.pnas.org/",
    keywords   = "pnas"
    }

@article{
    pezzini-2012,
    title           = "The Brazilian Program for Biodiversity Research (PPBio) Information System",
    author          = "Flávia Fonseca Pezzini and Pablo Hendrigo Alves de Melo and Dayane Mayely Silva de Oliveira and Rainer Xavier de Amorim and Fernando Oliveira Gouvêa de Figueiredo and Debora Pignatari Drucker and Flávio Rogério de Oliveira Rodrigues and Gabriela Zuquim and Thaise Emilio and Flávia Regina Capellotto Costa and William Ernest Magnusson and Adeilza Felipe Sampaio and Albertina Pimentel Lima and Ana Raquel de Mesquita Garcia and Angelo Gilberto Manzatto and Anselmo Nogueira and Cândida Pereira da Costa and Carlos Eduardo de Araújo Barbosa and Carolina Bernardes and Carolina Volkmer de Castilho and Catia Nunes da Cunha and Cintia Gomes de Freitas and Claymir de Oliveira Cavalcante and Diego Oliveira Brandão and Domingos de Jesus Rodrigues and Eliana Celestino da Paixão Rodrigues dos Santos and Fabricio Beggiato Baccaro and Françoise Yoko Ishida and Fernanda Antunes Carvalho and Gabriel Massaine Moulatlet and Jean-Louis Bernard Guillaumet and José Luiz Purri Veiga Pinto and Juliana Schietti and Julio Daniel do Vale and Lauren Belger and Luciano Martins Verdade and Marcelo Petratti Pansonato and Marcelo Trindade Nascimento and Márcia Cléia Vilela dos Santos and Mariana Souza da Cunha and Rafael Arruda and Reinaldo Imbrozio Barbosa and Ricardo Laerte Romero and Susamar Pansini and Tania Pena Pimentel",
    month           = sep,
    year            = 2012,
    journaltitle    = "Biodiversity \& Ecology",
    volume          = 4,
    issue           = 24,
    pages           = "265–274",
    doi             = "10.7809/b-e.00083",
    url             = "http://www.biodiversity-plants.de/biodivers_ecol/article_meta.php?DOI=10.7809/b-e.00083",
    keywords        = "biodiversity, brazil"
    }

@online{
    protocol-http,
    shorttitle = "HTTP",
    title      = "Hypertext Transfer Protocol",
    url        = "https://en.wikipedia.org/wiki/Hypertext_Transfer_Protocol",
    keywords   = "protocol, http"
    }

@online{
    protocol-ftp,
    shorttitle = "FTP",
    title      = "File Transfer Protocol",
    url        = "https://en.wikipedia.org/wiki/File_Transfer_Protocol",
    keywords   = "protocol, ftp"
    }

@online{
    format-geotiff,
    shorttitle = "GeoTIFF",
    title      = "GeoTIFF",
    url        = "http://trac.osgeo.org/geotiff/",
    keywords   = "format, geotiff"
    }

@online{
    format-world,
    shorttitle = "GIS",
    title      = "GIS georeference",
    url        = "https://en.wikipedia.org/wiki/World_file",
    keywords   = "format, geotiff"
    }

@online{
    format-zip,
    shorttitle = "ZIP",
    title      = "ZIP archive",
    url        = "https://en.wikipedia.org/wiki/Zip_(file_format)",
    keywords   = "format, zip"
    }

@online{
    journal-nature,
    title      = "Nature",
    url        = "http://www.nature.com/",
    keywords   = "journal, nature"
    }

@online{
    usgs,
    shorttitle = "USGS",
    title      = "U.S. Geological Survey",
    url        = "http://www.usgs.gov/",
    keywords   = ""
    }

@online{
    usgs-explorer,
    title      = "Earth Explorer",
    url        = "https://lta.cr.usgs.gov/earth_explorer",
    keywords   = ""
    }

@online{
    usgs-glovis,
    title      = "Global Visualization Viewer",
    shorttitle = "GloVis",
    url        = "https://lta.cr.usgs.gov/glovis",
    keywords   = ""
    }

@online{
    usgs-lta,
    shorttitle = "LTA",
    title      = "Long Term Archive",
    url        = "https://lta.cr.usgs.gov/about",
    keywords   = ""
    }

@online{
    landsat,
    shorttitle = "Landsat",
    title      = "Landsat Program",
    url        = "http://landsat.gsfc.nasa.gov/",
    wikipedia  = "https://en.wikipedia.org/wiki/Landsat_program",
    keywords   = ""
    }

@online{
    weld,
    title      = "Web-enabled Landsat data",
    shorttitle = "WELD",
    url        = "http://landsat.usgs.gov/WELD.php",
    keywords   = ""
    }

@online{
    forest-plots,
    title      = "ForestPlots.Net",
    url        = "http://www.forestplots.net/",
    keywords   = ""
    }

@online{
    rainfor,
    title      = "RAINFOR",
    url        = "http://www.rainfor.org/",
    keywords   = ""
    }

@online{
    rainfor,
    title      = "RAINFOR",
    url        = "http://www.fao.org/docrep/009/j9345e/j9345e12.htm",
    keywords   = ""
    }

@online{
    term-agb,
    shorttitle = "AGB",
    title      = "Above Ground Biomass",
    url        = "http://www.ipcc-nggip.iges.or.jp/public/2006gl/pdf/4_Volume4/V4_04_Ch4_Forest_Land.pdf"
    url        = "http://www.forestry.gov.uk/pdf/Table7UKReport.pdf/$file/Table7UKReport.pdf"
    url        = "http://www.fao.org/docrep/009/j9345e/j9345e12.htm",
    keywords   = "ipcc, agb"
    }

@online{
    comp-lang-sql,
    shorttitle = "SQL",
    title      = "Structured Query Language",
    url        = "https://en.wikipedia.org/wiki/SQL",
    keywords   = "sql"
    }

@online{
    comp-lang-adql,
    shorttitle = "ADQL",
    title      = "IVOA Astronomical Data Query Language",
    url        = "http://www.ivoa.net/documents/latest/ADQL.html",
    keywords   = "adql"
    }

@article{
    chave-2005,
    title           = "Tree allometry and improved estimation of carbon stocks and balance in tropical forests",
    author          = "J. Chave and C. Andalo and S. Brown and M. A. Cairns and J. Q. Chambers and D. Eamus and H. Fölster and F. Fromard and N. Higuchi and T. Kira and J.-P. Lescure and B. W. Nelson and H. Ogawa and H. Puig and B. Riéra and T. Yamakura",
    month           = aug,
    year            = 2005,
    journaltitle    = "Oecologia",
    volume          = 145,
    issue           = 1,
    pages           = "87-99",
    doi             = "10.1007/s00442-005-0100-x",
    url             = "http://link.springer.com/article/10.1007/s00442-005-0100-x",
    keywords        = ""
    }


@article{
    empty,
    title           = "empty",
    author          = "empty",
    month           = may,
    year            = 2011,
    journaltitle    = "empty",
    volume          = 108,
    issue           = 24,
    pages           = "empty",
    doi             = "empty",
    url             = "empty",
    keywords        = "empty"
    }


